%%%%%%%%%%%%%%%%%%%%%%%
%%%%% Anmerkungen %%%%%
%%%%%%%%%%%%%%%%%%%%%%%
% & Der APA stil schereibt dafault vor, dass Titel komplett klein geschrieben werden - da das aber quatsch isf für deutsche titel müssen alle titel die groß und kleinschreibung erhalten sollen in {{}} eingefasst werden - es ist auch möglich z.B. bei Eigennamen nur den buchstaben in {} zuetzten
%
% Beispiel:
%   title = {Alle meine Entchen}   -> Alle meine entchen
%   title = {{Alle meine Entchen}} -> Alle meine Entchen
%   title = {Alle meine {E}ntchen} -> Alle meine Entchen


@article{zongker_chicken_2006,
        title = {Chicken chicken chicken: Chicken chicken},
        volume = {12},
        url = {http://www.superfrink.net/athenaeum/dougz.pdf},
        shorttitle = {Chicken chicken chicken},
        pages = {16--21},
        number = {5},
        journaltitle = {Annals of Improbable Research},
        author = {Zongker, Doug},
        urldate = {2013-04-05},
        date = {2006}
}